@book{lathi2006sinais,
  title={Sinais e sistemas lineares-2},
  author={Lathi, Bhagwandas Pannalal},
  year={2006},
  publisher={Bookman}
}

@book{franklin2013sistemas,
  title={Sistemas de controle para engenharia},
  author={Franklin, Gene F and Powell, J David and Emami-Naeini, Abbas},
  year={2013},
  publisher={Bookman Editora}
}